@article{ref_article1,
  author  = {Author, F.},
  title   = {Article title},
  journal = {Journal},
  volume  = {2},
  number  = {5},
  pages   = {99--110},
  year    = {2016}
}

@incollection{ref_lncs1,
  author    = {Author, F. and Author, S.},
  title     = {Title of a proceedings paper},
  booktitle = {CONFERENCE 2016},
  editor    = {Editor, F. and Editor, S.},
  series    = {LNCS},
  volume    = {9999},
  pages     = {1--13},
  publisher = {Springer},
  address   = {Heidelberg},
  year      = {2016},
  doi       = {10.10007/1234567890}
}

@book{ref_book1,
  author    = {Author, F. and Author, S. and Author, T.},
  title     = {Book title},
  edition   = {2nd},
  publisher = {Publisher},
  address   = {Location},
  year      = {1999}
}

@proceedings{ref_proc1,
  editor    = {Author, A.-B.},
  title     = {Contribution title},
  booktitle = {9th International Proceedings on Proceedings},
  pages     = {1--2},
  publisher = {Publisher},
  address   = {Location},
  year      = {2010}
}

@misc{ref_url1,
  title        = {{LNCS Homepage}},
  howpublished = {\url{http://www.springer.com/lncs}},
  note         = {Last accessed 4 Oct 2017}
}

% 新添加的引用

@inproceedings{ref1,
  author    = {Shahroudy, A. and Liu, J. and others},
  title     = {NTU RGB+D: A Large Scale Dataset for 3D Human Activity Analysis},
  booktitle = {Proceedings of the IEEE Conference on Computer Vision and Pattern Recognition (CVPR)},
  year      = {2016},
  pages     = {1010--1019}
}

@article{ref2,
  author  = {Liu, J. and Shahroudy, A. and others},
  title   = {NTU RGB+D 120: A Large-Scale Benchmark for 3D Human Activity Understanding},
  journal = {IEEE Transactions on Pattern Analysis and Machine Intelligence},
  volume  = {42},
  number  = {10},
  pages   = {2684--2701},
  year    = {2020}
}

@inproceedings{ref3,
  author    = {Shao, D. and Zhao, Y. and others},
  title     = {FineGym: A Hierarchical Video Dataset for Fine-grained Action Understanding},
  booktitle = {Proceedings of the IEEE Conference on Computer Vision and Pattern Recognition (CVPR)},
  year      = {2020},
  pages     = {2616--2625}
}

@inproceedings{ref4,
  author    = {Du, Y. and Wang, W. and others},
  title     = {Hierarchical Recurrent Neural Network for Skeleton-Based Action Recognition},
  booktitle = {Proceedings of the IEEE Conference on Computer Vision and Pattern Recognition (CVPR)},
  year      = {2015},
  pages     = {1110--1118}
}

@inproceedings{ref5,
  author    = {Du, Y. and Wang, W. and others},
  title     = {An End-to-End Spatio-Temporal Attention Model for Human Action Recognition from Skeleton Data},
  booktitle = {Proceedings of the AAAI Conference on Artificial Intelligence (AAAI)},
  volume    = {31},
  number    = {1},
  year      = {2017}
}

@inproceedings{ref6,
  author    = {Ke, Q. and Bennamoun, M. and others},
  title     = {A New Representation of Skeleton Sequences for 3D Action Recognition},
  booktitle = {Proceedings of the IEEE Conference on Computer Vision and Pattern Recognition (CVPR)},
  year      = {2017},
  pages     = {3288--3297}
}

@inproceedings{ref7,
  author    = {Yan, S. and Xiong, Y. and others},
  title     = {Spatial Temporal Graph Convolutional Networks for Skeleton-Based Action Recognition},
  booktitle = {Proceedings of the AAAI Conference on Artificial Intelligence (AAAI)},
  volume    = {32},
  number    = {1},
  year      = {2018}
}

@misc{ref8,
  author        = {Kipf, T. N. and Welling, M.},
  title         = {Semi-supervised classification with graph convolutional networks},
  year          = {2016},
  eprint        = {1609.02907},
  archivePrefix = {arXiv}
}

@inproceedings{ref9,
  author    = {Liu, Z. and Zhang, H. and others},
  title     = {Disentangling and Unifying Graph Convolutions for Skeleton-Based Action Recognition},
  booktitle = {Proceedings of the IEEE Conference on Computer Vision and Pattern Recognition (CVPR)},
  year      = {2020},
  pages     = {143--152}
}

@inproceedings{ref10,
  author    = {Chen, Y. and Zhang, Z. and others},
  title     = {Channel-Wise Topology Refinement Graph Convolution},
  booktitle = {Proceedings of the IEEE Conference on Computer Vision and Pattern Recognition (CVPR)},
  year      = {2021},
  pages     = {13359--13368}
}

@inproceedings{ref11,
  author    = {Chen, Z. and Li, S. and others},
  title     = {Multi-Scale Spatial Temporal Graph Convolutional Network},
  booktitle = {Proceedings of the AAAI Conference on Artificial Intelligence (AAAI)},
  volume    = {35},
  number    = {2},
  year      = {2018}
}

@misc{rewrite_stars,
      title={Rewrite the Stars}, 
      author={Xu Ma and Xiyang Dai and Yue Bai and Yizhou Wang and Yun Fu},
      year={2024},
      eprint={2403.19967},
      archivePrefix={arXiv},
      primaryClass={cs.CV},
      url={https://arxiv.org/abs/2403.19967}, 
}

@misc{mcrr,
      title={Learning Diverse and Discriminative Representations via the Principle of Maximal Coding Rate Reduction}, 
      author={Yaodong Yu and Kwan Ho Ryan Chan and Chong You and Chaobing Song and Yi Ma},
      year={2020},
      eprint={2006.08558},
      archivePrefix={arXiv},
      primaryClass={cs.LG},
      url={https://arxiv.org/abs/2006.08558}, 
}

@misc{whitebox_transformers,
      title={White-Box Transformers via Sparse Rate Reduction}, 
      author={Yaodong Yu and Sam Buchanan and Druv Pai and Tianzhe Chu and Ziyang Wu and Shengbang Tong and Benjamin D. Haeffele and Yi Ma},
      year={2023},
      eprint={2306.01129},
      archivePrefix={arXiv},
      primaryClass={cs.LG},
      url={https://arxiv.org/abs/2306.01129}, 
}

@misc{tost,
      title={Token Statistics Transformer: Linear-Time Attention via Variational Rate Reduction}, 
      author={Ziyang Wu and Tianjiao Ding and Yifu Lu and Druv Pai and Jingyuan Zhang and Weida Wang and Yaodong Yu and Yi Ma and Benjamin D. Haeffele},
      year={2024},
      eprint={2412.17810},
      archivePrefix={arXiv},
      primaryClass={cs.LG},
      url={https://arxiv.org/abs/2412.17810}, 
}